%% This BibTeX bibliography file was created using BibDesk.
%% http://bibdesk.sourceforge.net/


%% Created for charis saitis at 2014-12-04 14:35:35 -0500 


%% Saved with string encoding Unicode (UTF-8) 



@article{howe2006,
	Author = {Jeff Howe},
	Date-Added = {2014-12-04 19:35:18 +0000},
	Date-Modified = {2014-12-04 19:35:18 +0000},
	Journal = {WIRED magazine,},
	Pages = {available at \url{http://www.wired.com/wired/archive/14.06/crowds.html}},
	Title = {The rise of crowdsourcing},
	Year = {2006},
	Bdsk-Url-1 = {http://www.wired.com/wired/archive/14.06/crowds.html}}

@article{chanal2010,
	Author = {Val{\'e}rie Chanal and Marie-Laurence Caron-Fasan},
	Date-Added = {2014-12-04 05:35:20 +0000},
	Date-Modified = {2014-12-04 05:36:46 +0000},
	Journal = {M@n@gement},
	Pages = {318--341},
	Title = {The difficulties involved in developing models open to innovation communities: the case of a crowdsourcing platform},
	Volume = {13},
	Year = {2010}}

@inproceedings{bernstein2010,
	Address = {New York},
	Author = {Michael S. Bernstein and Greg Little and Robert C. Miller and Bj{\"o}rn Hartmann and Mark S. Ackerman and David R. Karger and David Crowell and Katrina Panovich},
	Booktitle = {Proceedings of the 23rd annual ACM symposium on User Interface Softare and Technology (UIST '10)},
	Date-Added = {2014-12-04 04:05:26 +0000},
	Date-Modified = {2014-12-04 04:09:16 +0000},
	Pages = {313--322},
	Title = {Soylent: {A} word processor with a crowd inside},
	Year = {2010}}

@inproceedings{burgoyne2013,
	Address = {Curitiba, Brazil},
	Author = {John Ashley Burgoyne and Dimitrios Bountouridis and Jan Van Balen and Henkjan Honing},
	Booktitle = {Proceedings of the 14th International Society for Music Information Retrieval Conference},
	Date-Added = {2014-12-04 02:02:22 +0000},
	Date-Modified = {2014-12-04 02:18:00 +0000},
	Pages = {245--250},
	Title = {Hooked: {A} game for discovering what makes music catchy},
	Year = {2013}}

@inproceedings{aljanaki2014,
	Address = {Paris, France},
	Author = {Anna Aljanaki and Dimitrios Bountouridis and John Ashley Burgoyne and Jan Van Balen and Frans Wiering and Henkjan Honing and Remco Veltkamp},
	Booktitle = {Revised Selected Papers from the Second International Conference in Games and Learning Alliance (GALA 2013)},
	Date-Added = {2014-12-04 01:55:55 +0000},
	Date-Modified = {2014-12-04 02:00:55 +0000},
	Pages = {29--40},
	Title = {Designing Games with a Purpose for Data Collection in Music Research. {Emotify} and Hooked: {Two} Case Studies},
	Year = {2014}}

@inproceedings{law2007,
	Address = {Vienna, Austria},
	Author = {Edith L. M. Law and Luis von Ahn and Roger B. Dannenberg and Mike Crawford},
	Booktitle = {Proceedings of the 8th International Society for Music Information Retrieval Conference},
	Date-Added = {2014-12-04 00:09:32 +0000},
	Date-Modified = {2014-12-04 00:12:05 +0000},
	Pages = {361--364},
	Title = {{TagATune: A game for music and sound annotation}},
	Year = {2007}}

@article{cooper2010,
	Author = {Seth Cooper and Firas Khatib and Adrien Treuille and Janos Barbero and Jeehyung Lee and Michael Beenen and Andrew Leaver-Fay and David Baker and Zoran Popovic},
	Date-Added = {2014-12-03 23:15:36 +0000},
	Date-Modified = {2014-12-03 23:19:38 +0000},
	Journal = {Nature},
	Pages = {756--760},
	Title = {Predicting protein structures with a multiplayer online game},
	Volume = {466},
	Year = {2010}}

@webpage{bratvold2011,
	Author = {D. Bratvold},
	Date-Added = {2014-12-03 15:41:57 +0000},
	Date-Modified = {2014-12-03 15:47:15 +0000},
	Lastchecked = {12/03/2014},
	Title = {Defining crowdsourcing's taxonomy---a necessary evil},
	Url = {http://dailycrowdsource.com/content/crowdsourcing/660-crowd-leader-david-bratvold-defining-crowdsourcings-taxonomy-a-necessary-evil},
	Year = {2011},
	Bdsk-Url-1 = {http://dailycrowdsource.com/content/crowdsourcing/660-crowd-leader-david-bratvold-defining-crowdsourcings-taxonomy-a-necessary-evil}}

@inproceedings{gomes2012,
	Address = {Seoul, Korea},
	Author = {Carlos Gomes and Daniel Schneide and Katia Moraes and Jano de Souza},
	Booktitle = {Proceedings of the 2012 IEEE International Conference on Systems, Man, and Cybernetics},
	Date-Added = {2014-12-03 00:58:49 +0000},
	Date-Modified = {2014-12-03 01:01:40 +0000},
	Pages = {832--839},
	Title = {Crowdsourcing for music: {Survey} and taxonomy},
	Year = {2012}}

@article{denyer2008,
	Author = {David Denyer and David Tranfield and Joan Ernst van Aken},
	Date-Added = {2014-12-01 20:51:31 +0000},
	Date-Modified = {2014-12-01 20:53:03 +0000},
	Journal = {Organization Studies},
	Pages = {393--413},
	Title = {Developing Design Propositions through Research Synthesis},
	Volume = {29},
	Year = {2008}}

@inproceedings{kosorukoff2001,
	Address = {Tucson, AZ},
	Author = {A. Kosorukoff},
	Booktitle = {Proceedings of the 2001 IEEE International Conference on Systems, Man, and Cybernetics},
	Date-Added = {2014-12-01 18:56:02 +0000},
	Date-Modified = {2014-12-01 18:57:43 +0000},
	Pages = {3464--3469},
	Title = {Human based genetic algorithm},
	Volume = {5},
	Year = {2001}}

@inproceedings{ipeirotis2010,
	Address = {Washington, DC},
	Author = {Panagiotis G. Ipeirotis and Foster Provost and Jing Wang},
	Booktitle = {Proceedings of the ACM SIGKDD Workshop on Human Computation HCOMP'10},
	Date-Added = {2014-12-01 18:39:57 +0000},
	Date-Modified = {2014-12-01 18:43:31 +0000},
	Pages = {64--67},
	Title = {Quality management on {Amazon Mechanical Turk}},
	Year = {2010}}

@article{mason2009,
	Author = {Winter Mason and Duncan J. Watts},
	Date-Added = {2014-12-01 18:20:48 +0000},
	Date-Modified = {2014-12-01 18:27:13 +0000},
	Journal = {ACM SIGKDD Explorations Newsletter},
	Pages = {100--108},
	Title = {Financial incentives and the ``performance of crowds''},
	Volume = {11},
	Year = {2009}}

@mastersthesis{geerts2009,
	Address = {Eindhoven, Netherlands},
	Author = {Simone A.M. Geerts},
	Date-Added = {2014-11-27 17:31:26 +0000},
	Date-Modified = {2014-11-27 17:33:53 +0000},
	School = {Dept.~of Industrial Engineering and Innovation Sciences, Eindhoven University of Technology},
	Title = {Discovering Crowdsourcing: Theory, Classification and Directions for use},
	Year = {2009}}

@techreport{bonney2009,
	Address = {Washington, DC},
	Author = {Rick Bonney and Heidi Ballard and Rebecca Jordan and Ellen McCallie and Tina Phillips and Jennifer Shirk and Candie C. Wilderman},
	Date-Added = {2014-11-05 20:08:58 +0000},
	Date-Modified = {2014-11-05 20:12:32 +0000},
	Institution = {Center for Advancement of Informal Science Education (CAISE)},
	Title = {Public Participation in Scientific Research: Defining the Field and Assessing Its Potential for Informal Science Education},
	Year = {2009}}

@incollection{oomen2014,
	Address = {Farnham, UK/Burlington, VT},
	Author = {Johan Oomen and Riste Gligorov and Michiel Hildebrand},
	Booktitle = {Crowdsourcing our Cultural Heritage},
	Date-Added = {2014-11-05 19:52:06 +0000},
	Date-Modified = {2014-11-05 19:55:57 +0000},
	Editor = {Mia Ridge},
	Publisher = {Ashgate},
	Title = {\emph{Waisda?}: {Making} videos findable through crowdsourced annotations},
	Year = {2014}}

@book{surowiecki2004,
	Address = {New York},
	Author = {James Surowiecki},
	Date-Added = {2014-10-30 19:15:19 +0000},
	Date-Modified = {2014-10-30 19:17:33 +0000},
	Publisher = {Doubleday},
	Title = {The Wisdom of Crowds},
	Year = {2004}}

@article{nakatsu2014,
	Author = {Robbie T. Nakatsu and Elissa B. Grossman and Charalampos L. Iacovou},
	Date-Added = {2014-10-30 16:25:58 +0000},
	Date-Modified = {2014-10-30 16:28:42 +0000},
	Journal = {Journal of Information Science},
	Pages = {1--12},
	Title = {A taxonomy of crowdsourcing based on task complexity},
	Year = {2014}}

@inproceedings{wiggins2011,
	Address = {Kauai, HI},
	Author = {Andrea Wiggins and Kevin Crowston},
	Booktitle = {Proceedings of the 44th Hawaii International Conference on System Sciences},
	Date-Added = {2014-10-29 22:41:37 +0000},
	Date-Modified = {2014-10-29 22:43:04 +0000},
	Pages = {1--10},
	Title = {From Conservation to Crowdsourcing: {A} Typology of Citizen Science},
	Year = {2011}}

@inproceedings{quinn2011,
	Address = {Vancouver, BC},
	Author = {Alexander J. Quinn and Benjamin B. Bederson},
	Booktitle = {Proceedings of the ACM SIGCHI Conference on Human Factors in Computing Systems (CHI 2011)},
	Date-Added = {2014-10-29 21:16:50 +0000},
	Date-Modified = {2014-10-29 21:22:33 +0000},
	Pages = {1403--1412},
	Title = {Human Computation: {A} Survey and Taxonomy of a Growing Field},
	Year = {2011}}

@article{corney2009,
	Author = {Jonathan R. Corney and Carmen Torres-Sanchez and A. Prasanna Jagadeesan and William C. Regli},
	Date-Added = {2014-10-29 21:03:57 +0000},
	Date-Modified = {2014-10-29 21:05:50 +0000},
	Journal = {International Journal of Innovation and Sustainable Development},
	Pages = {294--313},
	Title = {Outsourcing labour to the cloud},
	Volume = {4},
	Year = {2009}}

@inproceedings{vukovic2009,
	Address = {Los Angeles, CA},
	Author = {Maja Vukovic},
	Booktitle = {Proceedings of the 2009 IEEE World Conference on Services - I},
	Date-Added = {2014-10-29 20:36:25 +0000},
	Date-Modified = {2014-10-29 20:42:57 +0000},
	Pages = {686--692},
	Title = {Crowdsourcing for enterprises},
	Year = {2009}}

@article{zwass2010,
	Author = {Vladimir Zwass},
	Date-Added = {2014-10-29 20:19:08 +0000},
	Date-Modified = {2014-10-29 20:20:32 +0000},
	Journal = {International Journal of Electronic Commerce},
	Pages = {11--48},
	Title = {Co-creation: {Toward} a taxonomy and an integrated research perspective},
	Volume = {15},
	Year = {2010}}

@inproceedings{oomen2011,
	Address = {Brisbane, Australia},
	Author = {Johan Oomen and Lora Aroyo},
	Booktitle = {Proceedings of the 5th International Conference on Communities and Technologies},
	Date-Added = {2014-10-29 16:51:53 +0000},
	Date-Modified = {2014-10-29 16:53:51 +0000},
	Pages = {138--149},
	Title = {Crowdsourcing in the cultural heritage domain: {Opportunities} and challenges},
	Year = {2011}}

@inproceedings{yuen2011,
	Address = {Boston, MA},
	Author = {Man-Ching Yuen and Irwin King and Kwong-Sak Leung},
	Booktitle = {Proceedings of the 3rd IEEE International Conference on Privacy, Security, Risk and Trust (PASSAT) and 3rd IEEE International Conference on Social Computing (SocialCom)},
	Date-Added = {2014-10-29 16:27:28 +0000},
	Date-Modified = {2014-10-29 16:32:21 +0000},
	Pages = {766--773},
	Title = {A survey of crowdsourcing systems},
	Year = {2011}}

@article{zhao2014,
	Author = {Yuxiang Zhao and Quinghua Zhu},
	Date-Added = {2014-10-20 17:55:58 +0000},
	Date-Modified = {2014-10-20 17:57:34 +0000},
	Journal = {Information Systems Frontiers},
	Pages = {417--434},
	Title = {Evaluation of crowdsourcing research: Current status and future direction},
	Volume = {16},
	Year = {2014}}

@incollection{thuan2013,
	Address = {Berlin Heidelberg},
	Author = {Nguyen Hoang Thuan and Pedro Antunes and David Johnstone},
	Booktitle = {Collaboration and Technology: Proceedings of the 19th International Conference, CRIWG 2013, Wellington, New Zealand, October 30--November 1, 2013},
	Date-Added = {2014-10-20 17:49:51 +0000},
	Date-Modified = {2014-10-20 17:55:18 +0000},
	Editor = {Pedro Antunes and Marco Aur{\'e}lio Gerosa and Allan Sylvester and Julita Vassileva and Gert-Jan deVreede},
	Pages = {110--125},
	Publisher = {Springer},
	Title = {Factors influencing the decision to crowdsource},
	Year = {2013}}

@article{brabham2014,
	Author = {Daren C. Brabham and Kurt M. Ribisl and Thomas R. Kirchner and Jay M. Bernhardt},
	Date-Added = {2014-10-17 23:07:29 +0000},
	Date-Modified = {2014-10-17 23:08:43 +0000},
	Journal = {American Journal of Preventive Medicine},
	Pages = {179--187},
	Title = {Crowdsourcing applications for public health},
	Volume = {46},
	Year = {2014}}

@article{schenk2011,
	Author = {Eric Schenk and Claude Guittard},
	Date-Added = {2014-10-17 22:44:23 +0000},
	Date-Modified = {2014-10-17 22:48:54 +0000},
	Journal = {Journal of Innovation Economics \& Management},
	Pages = {93--107},
	Title = {Towards a characterization of crowdsourcing practices},
	Volume = {7},
	Year = {2011}}

@article{malone2010,
	Author = {Thomas W. Malone and Robert Laubacher and Chrysanthos Dellarocas},
	Date-Added = {2014-10-17 22:30:16 +0000},
	Date-Modified = {2014-10-17 22:31:58 +0000},
	Journal = {MIT Sloan Management Review},
	Pages = {21--31},
	Title = {The collective intelligence genome},
	Volume = {51},
	Year = {2010}}

@article{nichols1997,
	Author = {D. M. Nichols and M. B. Twidale},
	Date-Added = {2014-10-17 00:53:11 +0000},
	Date-Modified = {2014-10-17 01:04:48 +0000},
	Journal = {VINE: The Journal of Information and Knowledge Management Systems},
	Note = {available at \url{http://www.comp.lancs.ac.uk/computing/research/cseg/projects/ariadne/docs/vine.html}},
	Pages = {10--15},
	Title = {Computer supported cooperative work and libraries},
	Volume = {27},
	Year = {1997}}

@article{alter2008,
	Author = {S. Alter},
	Date-Added = {2014-10-15 22:07:47 +0000},
	Date-Modified = {2014-10-15 22:08:51 +0000},
	Journal = {European Journal of Information Systems},
	Pages = {448--469},
	Title = {Defining information systems as work systems: implications for the {IS} field},
	Volume = {17},
	Year = {2008}}

@inproceedings{pedersen2013,
	Address = {Maui, HI},
	Author = {Jay Pedersen and David Kocsis and Abhishek Tripathi and Alvin Tarrell and Aruna Weerakoon and Nargess Tahmasbi and Jie Xiong and Wei Deng and Onook Oh and Gert-Jan deVreede},
	Booktitle = {Proceedings of the 46th Hawaii International Conference on System Sciences},
	Date-Added = {2014-10-15 21:12:26 +0000},
	Date-Modified = {2014-10-15 21:18:57 +0000},
	Doi = {10.1109/HICSS.2013.143},
	Pages = {579--588},
	Title = {Conceptual foundations of crowdsourcing: {A} review of {IS} research},
	Year = {2013},
	Bdsk-Url-1 = {http://dx.doi.org/10.1109/HICSS.2013.143}}

@book{lebraty2013,
	Address = {London \& Hoboken, NJ},
	Author = {Jean-Fabrice Lebraty and Katia Lobre-Lebraty},
	Date-Added = {2014-10-15 20:19:23 +0000},
	Date-Modified = {2014-10-15 20:26:09 +0000},
	Publisher = {Wiley \& ISTE},
	Title = {Crowdsourcing: One Step Beyond},
	Year = {2013}}

@inproceedings{erickson2011,
	Address = {Vancouver, BC},
	Author = {Thomas Erickson},
	Booktitle = {CHI 2011 Workshop on Crowdsourcing and Human Computation},
	Date-Added = {2014-10-15 19:50:49 +0000},
	Date-Modified = {2014-10-15 20:06:59 +0000},
	Title = {Some thoughts on a framework for crowdsourcing},
	Year = {2011}}

@inproceedings{shen2003,
	Author = {Minxin Shen and Gwo-Hshiung Tzeng and Duen-Ren Liu},
	Booktitle = {Proceedings of the 36th Hawaii International Conference on System Sciences},
	Date-Added = {2014-08-11 16:07:00 +0000},
	Date-Modified = {2014-08-11 16:13:32 +0000},
	Publisher = {IEEE},
	Title = {Multi-criteria task assignment in workflow management systems},
	Year = {2003}}

@inproceedings{pugin2008,
	Address = {Philadelphia, PA},
	Author = {Laurent Pugin and Jason Hockman and John Ashley Burgoyne and Ichiro Fujinaga},
	Booktitle = {Proceedings of the 9th International Conference on Music Information Retrieval},
	Date-Added = {2014-08-09 15:48:20 +0000},
	Date-Modified = {2014-08-09 15:56:00 +0000},
	Pages = {419--424},
	Title = {Gamera versus {Aruspix}: {Two} optical music recognition approaches},
	Year = {2008}}

@inproceedings{droettboom2003,
	Address = {Greenbelt, MD},
	Author = {Michael Droettboom and Karl MacMillan and Ichiro Fujinaga},
	Booktitle = {Symposium on Document Image Understanding Technologies},
	Date-Added = {2014-08-09 15:39:52 +0000},
	Date-Modified = {2014-08-09 15:43:14 +0000},
	Pages = {275--286},
	Title = {The {Gamera} framework for building custom recognition systems},
	Year = {2003}}

@inproceedings{macmillan2001,
	Address = {Bloomington, IN},
	Author = {Karl MacMillan and Michael Droettboom and Ichiro Fujinaga},
	Booktitle = {Proceedings of the 2nd International Conference on Music Information Retrieval},
	Date-Added = {2014-08-09 15:27:16 +0000},
	Date-Modified = {2014-08-09 15:39:43 +0000},
	Pages = {15--16},
	Title = {Gamera: {A} structured document recognition application development environment},
	Year = {2001}}

@article{arolas2012,
	Author = {Enrique Estell{\'e}s-Arolas and Fernando Gonz{\'a}lez-Ladr{\'o}n-de-Guevara},
	Date-Added = {2014-08-08 23:39:24 +0000},
	Date-Modified = {2014-08-08 23:40:40 +0000},
	Journal = {Journal of Information Science},
	Number = {2},
	Pages = {189--200},
	Title = {Towards an integrated crowdsourcing definition},
	Volume = {38},
	Year = {2012}}

@incollection{pugin2007,
	Address = {Berlin Heidelberg},
	Author = {Laurent Pugin and John Ashley Burgoyne and Ichiro Fujinaga},
	Booktitle = {Research and Advanced Technology for Digital Libraries: Proceedings of the 11th European Conference, ECDL 2007, Budapest, Hungary},
	Date-Added = {2014-08-06 20:39:52 +0000},
	Date-Modified = {2014-08-06 20:44:08 +0000},
	Editor = {L{\'a}szl{\'o} Kov{\'a}cs and Norbert Fuhr and Carlo Meghini},
	Pages = {471--474},
	Publisher = {Springer},
	Title = {Reducing costs for digitising early music with dynamic adaptation},
	Year = {2007}}

@book{brabham2013,
	Address = {Cambridge, MA},
	Author = {Daren C. Brabham},
	Date-Added = {2014-08-06 19:46:27 +0000},
	Date-Modified = {2014-08-06 19:52:22 +0000},
	Publisher = {MIT Press},
	Title = {Crowdsourcing},
	Year = {2013}}

@article{ahn2008,
	Author = {Luis von Ahn and Benjamin Maurer and Colin McMillen and David Abraham and Manuel Blum},
	Date-Added = {2014-08-06 00:14:15 +0000},
	Date-Modified = {2014-08-06 00:14:15 +0000},
	Doi = {10.1126/science.1160379},
	Journal = {Science},
	Pages = {1465--1468},
	Title = {{reCAPTCHA}: {Human-based} character recognition via web security measures},
	Volume = {321},
	Year = {2008},
	Bdsk-Url-1 = {http://dx.doi.org/10.1126/science.1160379}}

@inproceedings{burlet2012,
	Address = {Porto, Portugal},
	Author = {Gregory Burlet and Alastair Porter and Andrew Hankinson and Ichiro Fujinaga},
	Booktitle = {Proceedings of the 13th International Society for Music Information Retrieval Conference},
	Date-Added = {2014-08-06 00:14:15 +0000},
	Date-Modified = {2014-08-06 00:14:15 +0000},
	Pages = {121--126},
	Title = {Neon.js: {Neume} editor online},
	Year = {2012}}

@inproceedings{hankinson2012b,
	Address = {Porto, Portugal},
	Author = {Andrew Hankinson and John Ashley Burgoyne and Gabriel Vigliensoni and Alastair Porter and Jessica Thompson and Wendy Liu and Remi Chiu and Ichiro Fujinaga},
	Booktitle = {Proceedings of the 13th International Society for Music Information Retrieval Conference},
	Date-Added = {2014-08-06 00:14:15 +0000},
	Date-Modified = {2014-08-06 00:14:15 +0000},
	Pages = {577--582},
	Title = {Digital document image retrieval using optical music recognition},
	Year = {2012}}

@inproceedings{kittur2013,
	Address = {San Antonio, TX},
	Author = {Aniket Kittur and Jeffrey V. Nickerson and Michael S. Bernstein and Elizabeth M. Gerber and Aaron Shaw and John Zimmerman and Matthew Lease and John J. Horton},
	Booktitle = {Proceedings of the 16th ACM Conference on Computer Supported Cooperative Work and Social Computing (CSCW)},
	Date-Added = {2014-08-06 00:14:15 +0000},
	Date-Modified = {2014-08-06 00:14:15 +0000},
	Pages = {1301--1317},
	Title = {The future of crowd work},
	Year = {2013}}

@incollection{nakatsu2013,
	Address = {Berlin Heidelberg},
	Author = {Robbie Nakatsu and Elissa Grossman},
	Booktitle = {Human Interface and the Management of Information. Information and Interaction Design},
	Date-Added = {2014-08-06 00:14:15 +0000},
	Date-Modified = {2014-08-06 00:14:15 +0000},
	Doi = {10.1007/978-3-642-39209-2_26},
	Editor = {Sakae Yamamoto},
	Pages = {221--229},
	Publisher = {Springer},
	Title = {Designing effective user interfaces for crowdsourcing: {An} exploratory study},
	Year = {2013},
	Bdsk-Url-1 = {http://dx.doi.org/10.1007/978-3-642-39209-2_26}}

@misc{simssa,
	Date-Added = {2014-08-06 00:14:15 +0000},
	Date-Modified = {2014-08-06 00:14:15 +0000},
	Howpublished = {http://simssa.ca},
	Title = {{SIMSSA}}}

@inproceedings{smith2011,
	Address = {Miami, FL},
	Author = {Jordan B. L. Smith and John Ashley Burgoyne and Ichiro Fujinaga and David De Roure and J. Stephen Downie},
	Booktitle = {Proceedings of the 12th International Society for Music Information Retrieval Conference},
	Date-Added = {2014-08-06 00:14:15 +0000},
	Date-Modified = {2014-08-06 00:14:15 +0000},
	Pages = {555--560},
	Title = {Design and creating of a large-scale database of structural annotations},
	Year = {2011}}

@inproceedings{vincent2007,
	Author = {L. Vincent},
	Booktitle = {Proceedings of the Ninth International Conference on Document Analysis and Recognition},
	Date-Added = {2014-08-06 00:14:15 +0000},
	Date-Modified = {2014-08-06 00:14:15 +0000},
	Pages = {819},
	Title = {{Google Book Search}: document understanding on a massive scale},
	Volume = {2},
	Year = {2007}}

@book{zichermann2013,
	Author = {Gabe Zichermann and Joselin Linder},
	Date-Added = {2014-08-06 00:14:15 +0000},
	Date-Modified = {2014-08-06 00:14:15 +0000},
	Edition = {1st},
	Publisher = {McGraw-Hill},
	Title = {The Gamification Revolution: How Leaders Leverage Game Mechanics to Crush the Competition},
	Year = {2013}}

@inproceedings{geiger2012,
	Address = {Orlando, Florida},
	Author = {David Geiger and Michael Rosemann and Erwin Fielt and Martin Schader},
	Booktitle = {Proceedings of the Thirty Third International Conference on Information Systems},
	Date-Added = {2014-07-28 23:37:33 +0000},
	Date-Modified = {2014-07-28 23:39:40 +0000},
	Title = {Crowdsourcing information systems---{Definition, typology, and design}},
	Year = {2012}}

@inproceedings{geiger2011,
	Address = {Detroit, MI},
	Author = {David Geiger and Stefan Seedorf and Thimo Schulze and Robert Nickerson and Martin Schader},
	Booktitle = {Proceedings of the Seventeenth Americas Conference on Information Systems},
	Date-Added = {2014-07-28 23:27:02 +0000},
	Date-Modified = {2014-08-12 13:43:05 +0000},
	Pages = {paper 430},
	Title = {Managing the crowd: {Towards} a taxonomy of crowdsourcing processes},
	Year = {2011}}

@inproceedings{rouse2010,
	Address = {Brisbane, Australia},
	Author = {Anne C. Rouse},
	Booktitle = {Proceedings of the 21st Australasian Conference on Information Systems},
	Date-Added = {2014-07-28 23:22:28 +0000},
	Date-Modified = {2014-07-28 23:34:53 +0000},
	Pages = {paper 76},
	Title = {A preliminary taxonomy of crowdsourcing},
	Year = {2010}}

@article{saxton2013,
	Author = {Gregory D. Saxton and Onook Oh and Rajiv Kishore},
	Date-Added = {2014-07-28 23:19:17 +0000},
	Date-Modified = {2014-07-28 23:21:24 +0000},
	Journal = {Information Systems Management},
	Pages = {2--20},
	Title = {Rules of crowdsourcing: {Models, issues, and systems of control}},
	Volume = {30},
	Year = {2013}}

@inproceedings{ahn2004,
	Address = {Vienna, Austria},
	Author = {Luis von Ahn and Laura Dabbish},
	Booktitle = {Proceedings of the SIGCHI conference on Human Factors in Computing Systems},
	Date-Added = {2014-07-01 20:26:19 +0000},
	Date-Modified = {2014-07-01 20:28:20 +0000},
	Pages = {319--326},
	Title = {Labeling images with a computer game},
	Year = {2004}}

@inproceedings{deterding2011,
	Address = {Vancouver, Canada},
	Author = {Sebastian Deterding and Miguel Sicart and Lennart Nacke and Kenton O'Hara and Dan Dixon},
	Booktitle = {CHI'11 Extended Abstracts on Human Factors in Computing Systems},
	Date-Added = {2014-07-01 20:11:46 +0000},
	Date-Modified = {2014-07-01 20:15:12 +0000},
	Pages = {2425--2428},
	Title = {Gamification: {Using} game-design elements in non-gaming contexts},
	Year = {2011}}

@inproceedings{fuxman2008,
	Address = {Beijing, China},
	Author = {Ariel Fuxman and Panayiotis Tsaparas and Kannan Achan and Rakesh Agrawal},
	Booktitle = {Proceedings of the 17th international conference on World Wide Web},
	Date-Added = {2014-07-01 18:03:58 +0000},
	Date-Modified = {2014-07-01 18:06:30 +0000},
	Pages = {61--70},
	Title = {Using the wisdom of the crowds for keyword generation},
	Year = {2008}}

@inproceedings{ahmad2005,
	Address = {Vancouver, Canada},
	Author = {Farooq Ahmad and Grzegorz Kondrak},
	Booktitle = {Proceedings of Human Language Technology Conference and Conference on Empirical Methods in Natural Language},
	Date-Added = {2014-07-01 18:01:00 +0000},
	Date-Modified = {2014-07-01 18:03:39 +0000},
	Pages = {955--962},
	Title = {Learning a spelling error model from search query logs},
	Year = {2005}}

@article{mandel2008,
	Author = {Michael I. Mandel and Daniel P. W. Ellis},
	Date-Added = {2014-07-01 17:05:52 +0000},
	Date-Modified = {2014-07-01 17:07:27 +0000},
	Journal = {Journal of New Music Research},
	Number = {2},
	Pages = {151--165},
	Title = {A web-based game for collecting music metadata},
	Volume = {37},
	Year = {2008}}

@phdthesis{fujinaga1996,
	Address = {Montreal, Quebec, Canada},
	Author = {Ichiro Fujinaga},
	Date-Added = {2014-07-01 15:32:40 +0000},
	Date-Modified = {2014-07-01 15:34:24 +0000},
	School = {Faculty of Music, McGill University},
	Title = {Adaptive Optical Music Recognition},
	Year = {1996}}

@article{holley2009,
	Author = {Rose Holley},
	Date-Added = {2014-07-01 04:19:50 +0000},
	Date-Modified = {2014-07-01 04:21:01 +0000},
	Journal = {National Library of Australia Staff Papers},
	Title = {Many hands make light work: {Public collaborative OCR text correction in Australian historic newspapers}},
	Year = {2009}}

@inproceedings{hankinson2012,
	Address = {Lyon, France},
	Author = {Andrew Hankinson and John Ashley Burgoyne and Gabriel Vigliensoni and Ichiro Fujinaga},
	Booktitle = {Proceedings of the 21st International Conference Companion on World Wide Web},
	Date-Added = {2014-06-30 23:19:14 +0000},
	Date-Modified = {2014-06-30 23:21:47 +0000},
	Pages = {903--908},
	Title = {Creating a large-scale searchable digital collection from printed music materials},
	Year = {2012}}

@book{howe2008,
	Address = {New York},
	Author = {Jeff Howe},
	Date-Added = {2014-06-30 22:01:54 +0000},
	Date-Modified = {2014-06-30 22:04:09 +0000},
	Publisher = {Crown Business},
	Title = {Crowdsourcing: Why the Power of the Crowd Is Driving the Future of Business},
	Year = {2008}}

@article{brabham2008,
	Author = {Daren C. Brabham},
	Date-Added = {2014-06-30 16:45:35 +0000},
	Date-Modified = {2014-06-30 16:47:24 +0000},
	Journal = {Convergence: The International Journal of Research into New Media Technologies},
	Number = {1},
	Pages = {75--90},
	Title = {Crowdsourcing as a model for problem solving: {An} introduction and cases},
	Volume = {14},
	Year = {2008}}

@article{doan2011,
	Author = {AnHai Doan and Raghu Ramakrishnan and Alon Y. Halevy},
	Date-Added = {2014-06-30 15:58:58 +0000},
	Date-Modified = {2014-06-30 16:00:59 +0000},
	Journal = {Communications of the ACM},
	Number = {4},
	Pages = {86--96},
	Title = {Crowdsourcing systems on the {World-Wide Web}},
	Volume = {54},
	Year = {2011}}

@inproceedings{mccann2003,
	Address = {San Diego, CA},
	Author = {Robert McCann and AnHai Doan and Vanitha Varadarajan and Alexander Kramnik},
	Booktitle = {Proceedings of the Sixth International Workshop on Web and Databases},
	Date-Added = {2014-06-30 15:54:00 +0000},
	Date-Modified = {2014-06-30 15:57:32 +0000},
	Editor = {Vassilis Christophides and Juliana Freire},
	Pages = {25--30},
	Title = {Buidling data intergration systems via mass collaboration},
	Year = {2003}}

@misc{bodleian,
	Date-Added = {2014-04-29 07:19:56 +0000},
	Date-Modified = {2014-07-01 17:11:00 +0000},
	Howpublished = {http://www.whats-the-score.org/},
	Title = {What's the score at the Bodleian?},
	Bdsk-Url-1 = {http://www.whats-the-score.org/}}

@article{holley2010,
	Author = {Rose Holley},
	Date-Added = {2014-04-28 23:49:51 +0000},
	Date-Modified = {2014-04-28 23:50:52 +0000},
	Doi = {10.1045/march2010-holley},
	Journal = {D-Lib Magazine},
	Number = {3/4},
	Title = {Crowdsourcing: {How} and why should libraries do it?},
	Volume = {16},
	Year = {2010},
	Bdsk-Url-1 = {http://dx.doi.org/10.1045/march2010-holley}}

@article{howe2006nourl,
	Author = {Jeff Howe},
	Date-Added = {2014-04-28 23:44:37 +0000},
	Date-Modified = {2014-12-04 19:35:32 +0000},
	Journal = {WIRED magazine,},
	Title = {The rise of crowdsourcing},
	Year = {2006},
	Bdsk-Url-1 = {http://www.wired.com/wired/archive/14.06/crowds.html}}
